@article{claessen2011quickcheck,
    title={{QuickCheck}: a lightweight tool for random testing of {Haskell} programs},
    author={Claessen, Koen and Hughes, John},
    journal={ACM sigplan notices},
    volume={46},
    number={4},
    pages={53--64},
    year={2011},
    publisher={ACM New York, NY, USA}
}


@techreport{callas1998openpgp,
    title={{OpenPGP} message format},
    author={Callas, Jon and Donnerhacke, Lutz and Finney, Hal and Thayer, Rodney},
    year={1998},
    institution={RFC 2440, November}
}


@inproceedings{Goguen_Meseguer_82,
  address =       {Oakland, California, USA},
  author =        {Joseph Goguen and Jos{\'e} Meseguer},
  booktitle =     {Security and Privacy (S\&P)},
  pages =         {11--20},
  publisher = {Computer Society},
  title =         {Security Policies and Security Models},
  year =          {1982},
}

@article{Zheng_Myers_07,
  author =        {Lantian Zheng and Andrew C. Myers},
  journal =       {International Journal of Information Security},
  number =        {2--3},
  title =         {Dynamic security labels and Static Information Flow Control},
  volume =        {6},
  year =          {2007},
}

@inproceedings{Lourenco_Caires_15,
  author =        {Lu\'{i}sa Louren\c{c}o and Lu\'{i}s Caires},
  booktitle =     {Principles of Programming Languages (POPL)},
  pages =         {317-328},
  publisher = {ACM},
  title =         {Dependent Information Flow Types},
  year =          {2015},
}

@inproceedings{BanerjeeNR08,
  author    = {Anindya Banerjee and David A. Naumann and Stan Rosenberg},
  title     = {Expressive Declassification Policies and Modular Static Enforcement},
  booktitle = {Security and Privacy (S\&P)},
  pages     = {339--353},
  publisher = {IEEE},
  year      = {2008}
}

@inproceedings{chudnov2018assuming,
    title={Assuming You Know: Epistemic Semantics of Relational Annotations for Expressive Flow Policies},
    author={Chudnov, Andrey and Naumann, David A.},
    booktitle={Computer Security Foundations Symposium},
    pages={189--203},
    year={2018},
    organization={IEEE}
}

@inproceedings{chudnov2014information,
    title={Information flow monitoring as abstract interpretation for relational logic},
    author={Chudnov, Andrey and Kuan, George and Naumann, David A.},
    booktitle={Computer Security Foundations Symposium},
    pages={48--62},
    year={2014},
    organization={IEEE}
}

@inproceedings{austin2009efficient,
    title={Efficient purely-dynamic information flow analysis},
    author={Austin, Thomas H. and Flanagan, Cormac},
    booktitle={Programming Languages and Analysis for Security (PLAS)},
    pages={113--124},
    year={2009}
}

@misc{myers2001jif,
    title={Jif: Java information flow},
    author={Myers, Andrew C. and Zheng, Lantian and Zdancewic, Steve and Chong, Stephen and Nystrom, Nathaniel},
    year={2001}
}

@misc{CVE_2019,
    title={CVE-2019-13050: Certificate spamming attack against SKS key servers and GnuPG},
    author={{Red Hat, Inc}},
    year=2019,
    howpublished={\url{https://access.redhat.com/articles/4264021}},
    note={Accessed: 2020-06-07}
}

@article{lattice_model_security,
author = {Denning, Dorothy E.},
title = {A Lattice Model of Secure Information Flow},
year = {1976},
issue_date = {May 1976},
publisher = {Association for Computing Machinery},
address = {New York, NY, USA},
volume = {19},
number = {5},
issn = {0001-0782},
url = {https://doi.org/10.1145/360051.360056},
doi = {10.1145/360051.360056},
journal = {Commun. ACM},
month = may,
pages = {236–243},
numpages = {8},
keywords = {security, protection, program certification, lattice, security class, information flow}
}

@inproceedings{declass_dim_prin,
author = {Sabelfeld, A. and Sands, David},
year = {2005},
month = {07},
pages = {255- 269},
title = {Dimensions and principles of declassification},
isbn = {0-7695-2340-4},
journal = {Proceedings of the Computer Security Foundations Workshop},
doi = {10.1109/CSFW.2005.15}
}

@misc{brown, 
  title={Home}, 
  url={https://circe.github.io/circe/},
  author={Brown, Travis}
}  

@misc{sttp, 
title={The Scala HTTP client you always wanted!}, 
url={https://sttp.softwaremill.com/en/latest/}, 
journal={sttp}
 }

@misc{keys.openpgp.org, 
title={Verifying Keyserver (VKS) Interface}, 
url={https://keys.openpgp.org/about/api}, 
journal={keys.openpgp.org}
} 


@misc{bouncycastle.org, 
title={The Legion of the Bouncy Castle}, 
url={https://www.bouncycastle.org/}, 
journal={bouncycastle.org}} 


@misc{verifythis2020, 
  title={Long-term Challenge}, 
  url={https://verifythis.github.io/challenge/}, 
  author={2020, VerifyThis}
} 

@InProceedings{VTLTC2020/IFTesting,
  crossref  = {VTLTC2020},
  pages={11--13},
  author={Gidon Ernst and Lukas Rieger},
  title={{Information Flow Testing of a PGP Keyserver}},
}

@misc{specHagrid,
  author={Marieke Huisman Ra ́ul Monti Mattias Ulbrich and Alexander Weigl},
  title={VerifyThis col-laborative long term challenge: The PGP key server},
  url={https://verifythis.github.io/VerifyThisLongTerm.pdf},
}

@InProceedings{VTLTC2020/IFVerify,
  crossref  = {VTLTC2020},
  pages={14--16},
  author={Gidon Ernst and Toby Murray and Mukesh Tiwari},
  title={{Verifying the Security of a PGP Keyserver}}
}

@InProceedings{VTLTC2020/KeY,
  crossref  = {VTLTC2020},
  pages={8--10},
  author={Stijn de Gouw and Mattias Ulbrich and Alexander Weigl},
  title={{The KeY Approach on Hagrid}}
}